@misc{vcDimension,
  title = {{Stefan Hausler. Institute for Theoretical Computer Science}},
  howpublished = "\url{http://www.igi.tugraz.at/lehre/CI/SS08/tutorials/VC_examples/VC_examples.pdf}", 
}

